
@misc{tanay2021actionangle,
      title= "{Action-angle variables of a binary black-hole with arbitrary eccentricity, spins, and masses at 1.5 post-Newtonian order}", 
      author = "\textbf{S. Tanay} and Cho, Gihyuk  and Stein, Leo C.",
      eprint="2110.15351",
      archivePrefix="arXiv",
      primaryClass="gr-qc",
      year="{2021}, \href{https://arxiv.org/abs/2110.15351}{arXiv:2110.15351}"
}


@article{Cho:2021oai,
    author = "Cho, Gihyuk and \textbf{S. Tanay} and Gopakumar, Achamveedu and Lee, Hyung Mok",
    title = "{Generalized quasi-Keplerian solution for eccentric, non-spinning compact binaries at 4PN order and the associated IMR waveform}",
    eprint = "2110.09608",
    archivePrefix = "arXiv",
    primaryClass = "gr-qc",
    year = "2021, \href{https://arxiv.org/abs/2110.09608}{arXiv: 2110.09608}"
}


@article{Tanay:2020,
    author = "\textbf{S. Tanay} and Stein, Leo C. and G\'alvez Ghersi, Jos\'e T.",
    title = "{Integrability of eccentric, spinning black hole binaries up to second post-Newtonian order}",
    eprint = "2012.06586",
    archivePrefix = "arXiv",
    primaryClass = "gr-qc",
    doi = "10.1103/PhysRevD.103.064066",
    journal = "Phys. Rev. D",
    volume = "103",
    number = "6",
    pages = "064066",
    year = "2021, \href{https://arxiv.org/abs/2012.06586}{arXiv: 2012.06586} "
}



@article{Tanay:2019,
    author = "\textbf{S. Tanay} and Klein, Antoine and Berti, Emanuele and Nishizawa, Atsushi",
    title = "{Convergence of Fourier-domain templates for inspiraling eccentric compact binaries}",
    eprint = "1905.08811",
    archivePrefix = "arXiv",
    primaryClass = "gr-qc",
    doi = "10.1103/PhysRevD.100.064006",
    journal = "Phys. Rev. D",
    volume = "100",
    number = "6",
    pages = "064006",
    year = "2019, \href{https://arxiv.org/abs/1905.08811}{arXiv:1905.08811}"
}


@article{Tanay:2016,
    author = "\textbf{S. Tanay} and Haney, Maria and Gopakumar, Achamveedu",
    title = "{Frequency and time domain inspiral templates for comparable mass compact binaries in eccentric orbits}",
    eprint = "1602.03081",
    archivePrefix = "arXiv",
    primaryClass = "gr-qc",
    doi = "10.1103/PhysRevD.93.064031",
    journal = "Phys. Rev. D",
    volume = "93",
    number = "6",
    pages = "064031",
    year = "2016, \href{https://arxiv.org/abs/1602.03081}{arXiv:1602.03081}"
}